@Book{silberschatz2009operating,
 author = {Silberschatz, Abraham},
 title = {Operating system concepts},
 publisher = {J. Wiley \& Sons},
 year = {2009},
 address = {Hoboken, NJ},
 isbn = {978-0-470-12872-5}
}

@article{liu1973scheduling,
  title={Scheduling algorithms for multiprogramming in a hard-real-time environment},
  author={Liu, Chung Laung and Layland, James W},
  journal={Journal of the ACM (JACM)},
  volume={20},
  number={1},
  pages={46--61},
  year={1973},
  publisher={ACM}
}
